% Use https://mathscinet.ams.org/mrlookup to find bibtex data for published articles
% Other websites such as google scholar also provide bibtex data
% Choose "BibTex" format on the website before you search
% The first parameter in each BibTex entry
% (for example Tverberg:1996tb) is the cite key for you article

@misc{ wiki:Phtrans,
    author = "{Wikipedia contributors}",
    title = "Phase transition --- {Wikipedia}{,} The Free Encyclopedia",
    year = "2019",
    url = "https://en.wikipedia.org/w/index.php?title=Phase_transition&oldid=891818164",
    note = "[Online; accessed 15-April-2019]"
  }
  
@article{albert2002statistical,
  title={Statistical mechanics of complex networks},
  author={Albert, R{\'e}ka and Barab{\'a}si, Albert-L{\'a}szl{\'o}},
  journal={Reviews of modern physics},
  volume={74},
  number={1},
  pages={47},
  year={2002},
  publisher={APS}
}

@inproceedings{lu2013theory,
  title={Theory and applications of complex networks: Advances and challenges},
  author={L{\"u}, Jinhu and Chen, Guanrong and Ogorzalek, Maciej J and Trajkovi{\'c}, Ljiljana},
  booktitle={2013 IEEE International Symposium on Circuits and Systems (ISCAS2013)},
  pages={2291--2294},
  year={2013},
  organization={IEEE}
}

@article{albert2000error,
  title={Error and attack tolerance of complex networks},
  author={Albert, R{\'e}ka and Jeong, Hawoong and Barab{\'a}si, Albert-L{\'a}szl{\'o}},
  journal={nature},
  volume={406},
  number={6794},
  pages={378},
  year={2000},
  publisher={Nature Publishing Group}
}

@article{schneider2011mitigation,
  title={Mitigation of malicious attacks on networks},
  author={Schneider, Christian M and Moreira, Andr{\'e} A and Andrade, Jos{\'e} S and Havlin, Shlomo and Herrmann, Hans J},
  journal={Proceedings of the National Academy of Sciences},
  volume={108},
  number={10},
  pages={3838--3841},
  year={2011},
  publisher={National Acad Sciences}
}

@article{buldyrev2010catastrophic,
  title={Catastrophic cascade of failures in interdependent networks},
  author={Buldyrev, Sergey V and Parshani, Roni and Paul, Gerald and Stanley, H Eugene and Havlin, Shlomo},
  journal={Nature},
  volume={464},
  number={7291},
  pages={1025},
  year={2010},
  publisher={Nature Publishing Group}
}
@article{shao2008fractal,
  title={Fractal boundaries of complex networks},
  author={Shao, Jia and Buldyrev, Sergey V and Cohen, Reuven and Kitsak, Maksim and Havlin, Shlomo and Stanley, H Eugene},
  journal={EPL (Europhysics Letters)},
  volume={84},
  number={4},
  pages={48004},
  year={2008},
  publisher={IOP Publishing}
}
